[gd_scene load_steps=10 format=3 uid="uid://cvn0q57ag78bm"]

[ext_resource type="PackedScene" uid="uid://knrnqhoijh2u" path="res://world_item/environments/spawn_point_universal.tscn" id="1"]
[ext_resource type="PackedScene" path="res://world_item/utility/flash_grenade.tscn" id="3"]
[ext_resource type="PackedScene" uid="uid://dlmjm3efu7mk" path="res://world_item/utility/frag_grenade.tscn" id="4"]
[ext_resource type="PackedScene" uid="uid://b6fqv0fp3t3nc" path="res://world_item/guns/infinite_semi_auto_pistol.tscn" id="5"]
[ext_resource type="PackedScene" uid="uid://dlp4rlh3dulol" path="res://world_item/guns/rail_gun.tscn" id="6"]
[ext_resource type="PackedScene" path="res://world_item/guns/pm9.tscn" id="7"]
[ext_resource type="PackedScene" uid="uid://ceyq84m2nocke" path="res://world_item/guns/rf7.tscn" id="8"]
[ext_resource type="Material" path="res://materials/level_testing_material_2.tres" id="10"]
[ext_resource type="PackedScene" uid="uid://cws3e53c2i4w4" path="res://world_item/utility/smoke_grenade.tscn" id="11"]

[node name="RevisedTestLevel" type="Node3D" groups=["LEVEL"]]

[node name="SpawnPointUniversal" parent="." instance=ExtResource("1")]
transform = Transform3D(-0.866025, 0, 0.5, 0, 1, 0, -0.5, 0, -0.866025, 17.5, 26.5736, 0)

[node name="CSGCombiner3D" type="CSGCombiner3D" parent="."]
material_override = ExtResource("10")
use_collision = true

[node name="CSGBox3D" type="CSGBox3D" parent="CSGCombiner3D"]
transform = Transform3D(1, 0, 0, 0, 1, 0, 0, 0, 1, 0, 22.2013, 0)
size = Vector3(100, 0.001, 100)

[node name="SmokeGrenade" parent="." instance=ExtResource("11")]
transform = Transform3D(1, 0, 0, 0, 1, 0, 0, 0, 1, 8.1, 23.8, 7)

[node name="SmokeGrenade_2" parent="." instance=ExtResource("11")]

[node name="SmokeGrenade_3" parent="." instance=ExtResource("11")]

[node name="SmokeGrenade_4" parent="." instance=ExtResource("11")]

[node name="SmokeGrenade_5" parent="." instance=ExtResource("11")]

[node name="SmokeGrenade_6" parent="." instance=ExtResource("11")]

[node name="SmokeGrenade_7" parent="." instance=ExtResource("11")]

[node name="SmokeGrenade_8" parent="." instance=ExtResource("11")]

[node name="SmokeGrenade_9" parent="." instance=ExtResource("11")]
transform = Transform3D(1, 0, 0, 0, 1, 0, 0, 0, 1, 7.1, 23.8, 7)

[node name="SmokeGrenade_10" parent="." instance=ExtResource("11")]

[node name="SmokeGrenade_11" parent="." instance=ExtResource("11")]

[node name="SmokeGrenade_12" parent="." instance=ExtResource("11")]

[node name="SmokeGrenade_13" parent="." instance=ExtResource("11")]

[node name="SmokeGrenade_14" parent="." instance=ExtResource("11")]

[node name="SmokeGrenade_15" parent="." instance=ExtResource("11")]

[node name="SmokeGrenade_16" parent="." instance=ExtResource("11")]

[node name="SmokeGrenade_17" parent="." instance=ExtResource("11")]
transform = Transform3D(1, 0, 0, 0, 1, 0, 0, 0, 1, 6.1, 23.8, 7)

[node name="SmokeGrenade_18" parent="." instance=ExtResource("11")]

[node name="SmokeGrenade_19" parent="." instance=ExtResource("11")]

[node name="SmokeGrenade_20" parent="." instance=ExtResource("11")]

[node name="SmokeGrenade_21" parent="." instance=ExtResource("11")]

[node name="SmokeGrenade_22" parent="." instance=ExtResource("11")]

[node name="SmokeGrenade_23" parent="." instance=ExtResource("11")]

[node name="SmokeGrenade_24" parent="." instance=ExtResource("11")]

[node name="SmokeGrenade_25" parent="." instance=ExtResource("11")]
transform = Transform3D(1, 0, 0, 0, 1, 0, 0, 0, 1, 5.1, 23.8, 7)

[node name="SmokeGrenade_26" parent="." instance=ExtResource("11")]

[node name="SmokeGrenade_27" parent="." instance=ExtResource("11")]

[node name="SmokeGrenade_28" parent="." instance=ExtResource("11")]

[node name="SmokeGrenade_29" parent="." instance=ExtResource("11")]

[node name="SmokeGrenade_30" parent="." instance=ExtResource("11")]

[node name="SmokeGrenade_31" parent="." instance=ExtResource("11")]

[node name="SmokeGrenade_32" parent="." instance=ExtResource("11")]

[node name="SmokeGrenade_33" parent="." instance=ExtResource("11")]
transform = Transform3D(1, 0, 0, 0, 1, 0, 0, 0, 1, 4.1, 23.8, 7)

[node name="SmokeGrenade_34" parent="." instance=ExtResource("11")]

[node name="SmokeGrenade_35" parent="." instance=ExtResource("11")]

[node name="SmokeGrenade_36" parent="." instance=ExtResource("11")]

[node name="SmokeGrenade_37" parent="." instance=ExtResource("11")]

[node name="SmokeGrenade_38" parent="." instance=ExtResource("11")]

[node name="SmokeGrenade_39" parent="." instance=ExtResource("11")]

[node name="SmokeGrenade_40" parent="." instance=ExtResource("11")]

[node name="SmokeGrenade_41" parent="." instance=ExtResource("11")]
transform = Transform3D(1, 0, 0, 0, 1, 0, 0, 0, 1, 3.1, 23.8, 7)

[node name="SmokeGrenade_42" parent="." instance=ExtResource("11")]

[node name="SmokeGrenade_43" parent="." instance=ExtResource("11")]

[node name="SmokeGrenade_44" parent="." instance=ExtResource("11")]

[node name="SmokeGrenade_45" parent="." instance=ExtResource("11")]

[node name="SmokeGrenade_46" parent="." instance=ExtResource("11")]

[node name="SmokeGrenade_47" parent="." instance=ExtResource("11")]

[node name="SmokeGrenade_48" parent="." instance=ExtResource("11")]

[node name="FragGrenade7" parent="." instance=ExtResource("4")]
transform = Transform3D(1, 0, 0, 0, 1, 0, 0, 0, 1, 2.2, 23.8, 7)

[node name="FragGrenade7_2" parent="." instance=ExtResource("4")]

[node name="FragGrenade7_3" parent="." instance=ExtResource("4")]

[node name="FragGrenade7_4" parent="." instance=ExtResource("4")]

[node name="FragGrenade7_5" parent="." instance=ExtResource("4")]

[node name="FragGrenade7_6" parent="." instance=ExtResource("4")]

[node name="FragGrenade7_7" parent="." instance=ExtResource("4")]

[node name="FragGrenade7_8" parent="." instance=ExtResource("4")]

[node name="FragGrenade8" parent="." instance=ExtResource("4")]
transform = Transform3D(1, 0, 0, 0, 1, 0, 0, 0, 1, 1.2, 23.8, 7)

[node name="FragGrenade8_2" parent="." instance=ExtResource("4")]

[node name="FragGrenade8_3" parent="." instance=ExtResource("4")]

[node name="FragGrenade8_4" parent="." instance=ExtResource("4")]

[node name="FragGrenade8_5" parent="." instance=ExtResource("4")]

[node name="FragGrenade8_6" parent="." instance=ExtResource("4")]

[node name="FragGrenade8_7" parent="." instance=ExtResource("4")]

[node name="FragGrenade8_8" parent="." instance=ExtResource("4")]

[node name="FragGrenade9" parent="." instance=ExtResource("4")]
transform = Transform3D(1, 0, 0, 0, 1, 0, 0, 0, 1, 0.2, 23.8, 7)

[node name="FragGrenade9_2" parent="." instance=ExtResource("4")]

[node name="FragGrenade9_3" parent="." instance=ExtResource("4")]

[node name="FragGrenade9_4" parent="." instance=ExtResource("4")]

[node name="FragGrenade9_5" parent="." instance=ExtResource("4")]

[node name="FragGrenade9_6" parent="." instance=ExtResource("4")]

[node name="FragGrenade9_7" parent="." instance=ExtResource("4")]

[node name="FragGrenade9_8" parent="." instance=ExtResource("4")]

[node name="FlashGrenade" parent="." instance=ExtResource("3")]
transform = Transform3D(1, 0, 0, 0, 1, 0, 0, 0, 1, -0.8, 23.9, 7)

[node name="FlashGrenade_2" parent="." instance=ExtResource("3")]

[node name="FlashGrenade_3" parent="." instance=ExtResource("3")]

[node name="FlashGrenade_4" parent="." instance=ExtResource("3")]

[node name="FlashGrenade_5" parent="." instance=ExtResource("3")]

[node name="FlashGrenade_6" parent="." instance=ExtResource("3")]

[node name="FlashGrenade_7" parent="." instance=ExtResource("3")]

[node name="FlashGrenade_8" parent="." instance=ExtResource("3")]

[node name="FlashGrenade2" parent="." instance=ExtResource("3")]
transform = Transform3D(1, 0, 0, 0, 1, 0, 0, 0, 1, -1.7, 23.9, 7)

[node name="FlashGrenade2_2" parent="." instance=ExtResource("3")]

[node name="FlashGrenade2_3" parent="." instance=ExtResource("3")]

[node name="FlashGrenade2_4" parent="." instance=ExtResource("3")]

[node name="FlashGrenade2_5" parent="." instance=ExtResource("3")]

[node name="FlashGrenade2_6" parent="." instance=ExtResource("3")]

[node name="FlashGrenade2_7" parent="." instance=ExtResource("3")]

[node name="FlashGrenade2_8" parent="." instance=ExtResource("3")]

[node name="FlashGrenade3" parent="." instance=ExtResource("3")]
transform = Transform3D(1, 0, 0, 0, 1, 0, 0, 0, 1, -2.5, 23.9, 7)

[node name="FlashGrenade3_2" parent="." instance=ExtResource("3")]

[node name="FlashGrenade3_3" parent="." instance=ExtResource("3")]

[node name="FlashGrenade3_4" parent="." instance=ExtResource("3")]

[node name="FlashGrenade3_5" parent="." instance=ExtResource("3")]

[node name="FlashGrenade3_6" parent="." instance=ExtResource("3")]

[node name="FlashGrenade3_7" parent="." instance=ExtResource("3")]

[node name="FlashGrenade3_8" parent="." instance=ExtResource("3")]

[node name="FlashGrenade4" parent="." instance=ExtResource("3")]
transform = Transform3D(1, 0, 0, 0, 1, 0, 0, 0, 1, -3.4, 23.9, 7)

[node name="FlashGrenade4_2" parent="." instance=ExtResource("3")]

[node name="FlashGrenade4_3" parent="." instance=ExtResource("3")]

[node name="FlashGrenade4_4" parent="." instance=ExtResource("3")]

[node name="FlashGrenade4_5" parent="." instance=ExtResource("3")]

[node name="FlashGrenade4_6" parent="." instance=ExtResource("3")]

[node name="FlashGrenade4_7" parent="." instance=ExtResource("3")]

[node name="FlashGrenade4_8" parent="." instance=ExtResource("3")]

[node name="FlashGrenade5" parent="." instance=ExtResource("3")]
transform = Transform3D(1, 0, 0, 0, 1, 0, 0, 0, 1, -4.2, 23.9, 7)

[node name="FlashGrenade5_2" parent="." instance=ExtResource("3")]

[node name="FlashGrenade5_3" parent="." instance=ExtResource("3")]

[node name="FlashGrenade5_4" parent="." instance=ExtResource("3")]

[node name="FlashGrenade5_5" parent="." instance=ExtResource("3")]

[node name="FlashGrenade5_6" parent="." instance=ExtResource("3")]

[node name="FlashGrenade5_7" parent="." instance=ExtResource("3")]

[node name="FlashGrenade5_8" parent="." instance=ExtResource("3")]

[node name="FlashGrenade6" parent="." instance=ExtResource("3")]
transform = Transform3D(1, 0, 0, 0, 1, 0, 0, 0, 1, -5.1, 23.9, 7)

[node name="FlashGrenade6_2" parent="." instance=ExtResource("3")]

[node name="FlashGrenade6_3" parent="." instance=ExtResource("3")]

[node name="FlashGrenade6_4" parent="." instance=ExtResource("3")]

[node name="FlashGrenade6_5" parent="." instance=ExtResource("3")]

[node name="FlashGrenade6_6" parent="." instance=ExtResource("3")]

[node name="FlashGrenade6_7" parent="." instance=ExtResource("3")]

[node name="FlashGrenade6_8" parent="." instance=ExtResource("3")]

[node name="FlashGrenade7" parent="." instance=ExtResource("3")]
transform = Transform3D(1, 0, 0, 0, 1, 0, 0, 0, 1, -5.9, 23.9, 7)

[node name="FlashGrenade7_2" parent="." instance=ExtResource("3")]

[node name="FlashGrenade7_3" parent="." instance=ExtResource("3")]

[node name="FlashGrenade7_4" parent="." instance=ExtResource("3")]

[node name="FlashGrenade7_5" parent="." instance=ExtResource("3")]

[node name="FlashGrenade7_6" parent="." instance=ExtResource("3")]

[node name="FlashGrenade7_7" parent="." instance=ExtResource("3")]

[node name="FlashGrenade7_8" parent="." instance=ExtResource("3")]

[node name="FlashGrenade8" parent="." instance=ExtResource("3")]
transform = Transform3D(1, 0, 0, 0, 1, 0, 0, 0, 1, -6.8, 23.9, 7)

[node name="FlashGrenade8_2" parent="." instance=ExtResource("3")]

[node name="FlashGrenade8_3" parent="." instance=ExtResource("3")]

[node name="FlashGrenade8_4" parent="." instance=ExtResource("3")]

[node name="FlashGrenade8_5" parent="." instance=ExtResource("3")]

[node name="FlashGrenade8_6" parent="." instance=ExtResource("3")]

[node name="FlashGrenade8_7" parent="." instance=ExtResource("3")]

[node name="FlashGrenade8_8" parent="." instance=ExtResource("3")]

[node name="InfiniteSemiAutoPistol" parent="." instance=ExtResource("5")]
transform = Transform3D(1, 0, 0, 0, 1, 0, 0, 0, 1, 8.5, 23.8, 14.9)

[node name="InfiniteSemiAutoPistol2" parent="." instance=ExtResource("5")]
transform = Transform3D(1, 0, 0, 0, 1, 0, 0, 0, 1, 8, 23.8, 14.9)

[node name="PM9" parent="." instance=ExtResource("7")]
transform = Transform3D(1, 0, 0, 0, 1, 0, 0, 0, 1, 7, 23.8, 15)

[node name="PM10" parent="." instance=ExtResource("7")]
transform = Transform3D(1, 0, 0, 0, 1, 0, 0, 0, 1, 6.5, 23.8, 15)

[node name="PM11" parent="." instance=ExtResource("7")]
transform = Transform3D(1, 0, 0, 0, 1, 0, 0, 0, 1, 6, 23.8, 15)

[node name="PM12" parent="." instance=ExtResource("7")]
transform = Transform3D(1, 0, 0, 0, 1, 0, 0, 0, 1, 5.5, 23.8, 15)

[node name="PM13" parent="." instance=ExtResource("7")]
transform = Transform3D(1, 0, 0, 0, 1, 0, 0, 0, 1, 5, 23.8, 15)

[node name="PM14" parent="." instance=ExtResource("7")]
transform = Transform3D(1, 0, 0, 0, 1, 0, 0, 0, 1, 4.5, 23.8, 15)

[node name="PM15" parent="." instance=ExtResource("7")]
transform = Transform3D(1, 0, 0, 0, 1, 0, 0, 0, 1, 4, 23.8, 15)

[node name="PM16" parent="." instance=ExtResource("7")]
transform = Transform3D(1, 0, 0, 0, 1, 0, 0, 0, 1, 3.5, 23.8, 15)

[node name="PM17" parent="." instance=ExtResource("7")]
transform = Transform3D(1, 0, 0, 0, 1, 0, 0, 0, 1, 3, 23.8, 15)

[node name="RailGun" parent="." instance=ExtResource("6")]
transform = Transform3D(-4.37114e-08, 0, 1, 0, 1, 0, -1, 0, -4.37114e-08, 1.2, 23.9, 15)

[node name="RailGun2" parent="." instance=ExtResource("6")]
transform = Transform3D(-4.37114e-08, 0, 1, 0, 1, 0, -1, 0, -4.37114e-08, -2.1, 23.9, 15)

[node name="RailGun3" parent="." instance=ExtResource("6")]
transform = Transform3D(-4.37114e-08, 0, 1, 0, 1, 0, -1, 0, -4.37114e-08, -5.3, 23.9, 15)

[node name="RF7" parent="." instance=ExtResource("8")]
transform = Transform3D(-4.37114e-08, 0, 1, 0, 1, 0, -1, 0, -4.37114e-08, 7.5, 24.1, 23)

[node name="RF8" parent="." instance=ExtResource("8")]
transform = Transform3D(-4.37114e-08, 0, 1, 0, 1, 0, -1, 0, -4.37114e-08, 5, 24.1, 23)

[node name="RF9" parent="." instance=ExtResource("8")]
transform = Transform3D(-4.37114e-08, 0, 1, 0, 1, 0, -1, 0, -4.37114e-08, 2.5, 24.1, 23)

[node name="RF10" parent="." instance=ExtResource("8")]
transform = Transform3D(-4.37114e-08, 0, 1, 0, 1, 0, -1, 0, -4.37114e-08, 0.0999999, 24.1, 23)

[node name="RF11" parent="." instance=ExtResource("8")]
transform = Transform3D(-4.37114e-08, 0, 1, 0, 1, 0, -1, 0, -4.37114e-08, -2.3, 24.1, 23)

[node name="RF12" parent="." instance=ExtResource("8")]
transform = Transform3D(-4.37114e-08, 0, 1, 0, 1, 0, -1, 0, -4.37114e-08, -4.7, 24.1, 23)

[node name="RF13" parent="." instance=ExtResource("8")]
transform = Transform3D(-4.37114e-08, 0, 1, 0, 1, 0, -1, 0, -4.37114e-08, -7.1, 24.1, 23)

[node name="DirectionalLight3D" type="DirectionalLight3D" parent="."]
transform = Transform3D(0.206324, -0.691893, -0.691892, 0.978484, 0.145893, 0.145893, -5.21541e-08, -0.707107, 0.707107, 0, 0, 0)
shadow_enabled = true
directional_shadow_mode = 0
