[gd_scene load_steps=17 format=3 uid="uid://cumppnpyp3rvp"]

[ext_resource type="PackedScene" uid="uid://ba5c738ao0py7" path="res://world_item/gun_container.tscn" id="1"]
[ext_resource type="PackedScene" uid="uid://0hjwvsb6ned" path="res://ui/crosshair_procedural.tscn" id="2"]
[ext_resource type="Script" path="res://player/player_gui.gd" id="3"]
[ext_resource type="Texture2D" uid="uid://busyvodqomngy" path="res://icon.png" id="4"]
[ext_resource type="PackedScene" uid="uid://bybsewlktufhy" path="res://ui/pause_menu.tscn" id="6"]
[ext_resource type="Texture2D" uid="uid://cdvlh56686p3g" path="res://assets/crosshair_temp/scope-black.png" id="7"]
[ext_resource type="Script" path="res://player/score_timer.gd" id="8"]
[ext_resource type="Script" path="res://player/score_count.gd" id="9"]
[ext_resource type="Script" path="res://player/center_label.gd" id="10"]
[ext_resource type="PackedScene" uid="uid://d1o0whb55pn2l" path="res://ui/sniper_crosshair_procedural.tscn" id="11"]
[ext_resource type="PackedScene" uid="uid://2kmk3tv1cs2d" path="res://ui/god_mode_canvas_layer.tscn" id="11_khbe7"]

[sub_resource type="Shader" id="8"]
code = "shader_type canvas_item;

uniform vec4 color : source_color;

void fragment(){
  COLOR = color;
}"

[sub_resource type="ShaderMaterial" id="9"]
shader = SubResource("8")
shader_parameter/color = null

[sub_resource type="AtlasTexture" id="10"]
atlas = ExtResource("7")
region = Rect2(157, 162, 1498, 1499)

[sub_resource type="GDScript" id="4"]
script/source = "extends Label

func _process(_delta: float) -> void:
	text = \"FPS: \" + str(Engine.get_frames_per_second())
"

[sub_resource type="GDScript" id="7"]
script/source = "extends Label

func _process(_delta: float) -> void:
	text = \"Debug Misc: \" + str(State.get_state(\"debug_misc\"))
"

[node name="PlayerGui" type="Control"]
layout_mode = 3
anchors_preset = 15
anchor_right = 1.0
anchor_bottom = 1.0
grow_horizontal = 2
grow_vertical = 2
mouse_filter = 2
script = ExtResource("3")

[node name="GunContainer" parent="." instance=ExtResource("1")]
layout_mode = 1
world_camera_path = NodePath("../..")

[node name="SniperScope" type="VBoxContainer" parent="."]
layout_mode = 0
anchor_right = 1.0
anchor_bottom = 1.0
mouse_filter = 2
theme_override_constants/separation = 0

[node name="HBoxContainer2" type="HBoxContainer" parent="SniperScope"]
layout_mode = 2
size_flags_horizontal = 3
size_flags_vertical = 3
size_flags_stretch_ratio = 2.0

[node name="TextureRect" type="TextureRect" parent="SniperScope/HBoxContainer2"]
material = SubResource("9")
layout_mode = 2
size_flags_horizontal = 3
size_flags_vertical = 3
texture = ExtResource("4")
expand_mode = 1

[node name="HBoxContainer3" type="HBoxContainer" parent="SniperScope"]
layout_mode = 2
size_flags_horizontal = 3
size_flags_vertical = 3
size_flags_stretch_ratio = 20.0
theme_override_constants/separation = 0

[node name="TextureRect" type="TextureRect" parent="SniperScope/HBoxContainer3"]
material = SubResource("9")
layout_mode = 2
size_flags_horizontal = 3
size_flags_vertical = 3
texture = ExtResource("4")
expand_mode = 1

[node name="TextureRect2" type="TextureRect" parent="SniperScope/HBoxContainer3"]
layout_mode = 2
size_flags_horizontal = 3
size_flags_vertical = 3
size_flags_stretch_ratio = 2.0
texture = SubResource("10")
expand_mode = 1

[node name="TextureRect3" type="TextureRect" parent="SniperScope/HBoxContainer3"]
material = SubResource("9")
layout_mode = 2
size_flags_horizontal = 3
size_flags_vertical = 3
texture = ExtResource("4")
expand_mode = 1

[node name="HBoxContainer4" type="HBoxContainer" parent="SniperScope"]
layout_mode = 2
size_flags_horizontal = 3
size_flags_vertical = 3
size_flags_stretch_ratio = 2.0

[node name="TextureRect" type="TextureRect" parent="SniperScope/HBoxContainer4"]
material = SubResource("9")
layout_mode = 2
size_flags_horizontal = 3
size_flags_vertical = 3
texture = ExtResource("4")
expand_mode = 1

[node name="CrosshairProcedural" parent="." instance=ExtResource("2")]
layout_mode = 0
anchors_preset = 0
anchor_left = 0.5
anchor_top = 0.5
anchor_right = 0.5
anchor_bottom = 0.5
offset_left = -384.0
offset_top = -384.0
offset_right = 384.0
offset_bottom = 384.0

[node name="SniperCrosshairProcedural" parent="." instance=ExtResource("11")]
layout_mode = 0
anchors_preset = 0
anchor_left = 0.5
anchor_top = 0.5
anchor_right = 0.5
anchor_bottom = 0.5
offset_left = -384.0
offset_top = -384.0
offset_right = 384.0
offset_bottom = 384.0

[node name="CenterLabel" type="Label" parent="."]
layout_mode = 0
anchor_right = 1.0
anchor_bottom = 1.0
text = "THIS IS CENTER TEXT"
horizontal_alignment = 1
vertical_alignment = 1
script = ExtResource("10")

[node name="Indicators" type="VBoxContainer" parent="."]
layout_mode = 0
anchor_right = 1.0
anchor_bottom = 1.0

[node name="MapIndicator" type="MarginContainer" parent="Indicators"]
layout_mode = 2
theme_override_constants/margin_left = 10
theme_override_constants/margin_top = 10
theme_override_constants/margin_right = 10

[node name="DebugContainer" type="VBoxContainer" parent="Indicators/MapIndicator"]
layout_mode = 2

[node name="FPSDebug" type="Label" parent="Indicators/MapIndicator/DebugContainer"]
layout_mode = 2
text = "FPS: 0"
script = SubResource("4")

[node name="MiscDebug" type="Label" parent="Indicators/MapIndicator/DebugContainer"]
layout_mode = 2
text = "Misc Debug: NOT USED"
script = SubResource("7")

[node name="HBoxContainer" type="VBoxContainer" parent="Indicators/MapIndicator"]
layout_mode = 2

[node name="ScoreTimer" type="Label" parent="Indicators/MapIndicator/HBoxContainer"]
layout_mode = 2
size_flags_horizontal = 3
text = "0:20"
horizontal_alignment = 1
script = ExtResource("8")

[node name="ScoreCount" type="Label" parent="Indicators/MapIndicator/HBoxContainer"]
layout_mode = 2
size_flags_horizontal = 3
text = "123,000"
horizontal_alignment = 1
script = ExtResource("9")

[node name="BlankSpace" type="MarginContainer" parent="Indicators"]
layout_mode = 2
size_flags_horizontal = 3
size_flags_vertical = 3
size_flags_stretch_ratio = 20.0

[node name="AmmoIndicator" type="MarginContainer" parent="Indicators"]
layout_mode = 2
size_flags_vertical = 11
theme_override_constants/margin_left = 10
theme_override_constants/margin_right = 10
theme_override_constants/margin_bottom = 10

[node name="HBoxContainer" type="HBoxContainer" parent="Indicators/AmmoIndicator"]
layout_mode = 2
size_flags_horizontal = 3
size_flags_vertical = 3

[node name="VBoxContainer" type="VBoxContainer" parent="Indicators/AmmoIndicator/HBoxContainer"]
layout_mode = 2
size_flags_horizontal = 3
size_flags_stretch_ratio = 0.25

[node name="ArmorBar" type="ProgressBar" parent="Indicators/AmmoIndicator/HBoxContainer/VBoxContainer"]
layout_mode = 2
size_flags_horizontal = 3
size_flags_vertical = 3
value = 50.0

[node name="HealthBar" type="ProgressBar" parent="Indicators/AmmoIndicator/HBoxContainer/VBoxContainer"]
layout_mode = 2
size_flags_horizontal = 3
size_flags_vertical = 3
value = 100.0

[node name="VBoxContainer2" type="VBoxContainer" parent="Indicators/AmmoIndicator/HBoxContainer"]
layout_mode = 2
size_flags_horizontal = 3

[node name="WeaponName" type="Label" parent="Indicators/AmmoIndicator/HBoxContainer/VBoxContainer2"]
layout_mode = 2
size_flags_horizontal = 8
text = "Weapon's Name"

[node name="HBoxContainer" type="HBoxContainer" parent="Indicators/AmmoIndicator/HBoxContainer/VBoxContainer2"]
layout_mode = 2
alignment = 2

[node name="CurrentAmmo" type="Label" parent="Indicators/AmmoIndicator/HBoxContainer/VBoxContainer2/HBoxContainer"]
layout_mode = 2
text = "12"

[node name="TotalAmmo" type="Label" parent="Indicators/AmmoIndicator/HBoxContainer/VBoxContainer2/HBoxContainer"]
layout_mode = 2
text = "24"

[node name="PauseMenu" parent="." instance=ExtResource("6")]
visible = false
layout_mode = 1

[node name="GodModeCanvasLayer" parent="." instance=ExtResource("11_khbe7")]
