[gd_scene load_steps=6 format=3 uid="uid://v0dimjfto44g"]

[ext_resource type="PackedScene" uid="uid://bhgx6bb6devik" path="res://ui/multiplayer/join_lobby.tscn" id="1_1w4un"]
[ext_resource type="Script" path="res://ui/multiplayer/multiplayer_menu.gd" id="1_wl84d"]
[ext_resource type="PackedScene" uid="uid://dwxhhl4vr487o" path="res://ui/multiplayer/create_lobby.tscn" id="2_f5vlt"]
[ext_resource type="PackedScene" uid="uid://8fvgv4mk87ou" path="res://ui/multiplayer/lobby_menu.tscn" id="3_6lqu2"]
[ext_resource type="PackedScene" uid="uid://54r4gl85w5hi" path="res://ui/multiplayer/disclaimer_label.tscn" id="3_30qll"]

[node name="MultiplayerMenu" type="PanelContainer"]
anchors_preset = 15
anchor_right = 1.0
anchor_bottom = 1.0
grow_horizontal = 2
grow_vertical = 2
script = ExtResource("1_wl84d")

[node name="LobbyInitialMenu" type="TabContainer" parent="."]
unique_name_in_owner = true
layout_mode = 2
current_tab = 0

[node name="Create" type="TabBar" parent="LobbyInitialMenu"]
layout_mode = 2
metadata/_tab_index = 0

[node name="VBoxContainer" type="VBoxContainer" parent="LobbyInitialMenu/Create"]
layout_mode = 1
anchors_preset = 15
anchor_right = 1.0
anchor_bottom = 1.0
grow_horizontal = 2
grow_vertical = 2

[node name="DisclaimerLabel" parent="LobbyInitialMenu/Create/VBoxContainer" instance=ExtResource("3_30qll")]
layout_mode = 2
text = "[center][font_size=30][color=red]DISCLAIMER[/color][/font_size][/center]
[center]Currently, multiplayer are still broken and will cause issues. It's advised to use this only for testing purposes.[/center]
[center]For any issues about multiplayer, please consult [color=cyan][url=https://codeberg.org/solver-orgz/project-solver/issues]our issue management system[/url][/color].[/center]
"

[node name="Create" parent="LobbyInitialMenu/Create/VBoxContainer" instance=ExtResource("2_f5vlt")]
layout_mode = 2
size_flags_vertical = 3

[node name="Join" type="TabBar" parent="LobbyInitialMenu"]
visible = false
layout_mode = 2
metadata/_tab_index = 1

[node name="Join" parent="LobbyInitialMenu/Join" instance=ExtResource("1_1w4un")]
layout_mode = 1

[node name="DisclaimerLabel" parent="LobbyInitialMenu/Join" instance=ExtResource("3_30qll")]
layout_mode = 1
offset_bottom = 0.0
text = "[center][font_size=30][color=red]DISCLAIMER[/color][/font_size][/center]
[center]Currently, multiplayer are still broken and will cause issues. It's advised to use this only for testing purposes.[/center]
[center]For any issues about multiplayer, please consult [color=cyan][url=https://codeberg.org/solver-orgz/project-solver/issues]our issue management system[/url][/color].[/center]
"

[node name="LobbyMenu" parent="." instance=ExtResource("3_6lqu2")]
unique_name_in_owner = true
visible = false
layout_mode = 2
